@manual{ltc2274,
    title = {LTC2274 16-Bit, 105Msps Serial Output ADC},
    organization = {Linear Technology},
    url = {http://cds.linear.com/docs/en/datasheet/2274fb.pdf},
    urldate = {2014-09-07}
}

@manual{ml507,
    title = {ML505/ML506/ML507 Evaluation Platform User Guide},
    url = {http://www.xilinx.com/support/documentation/boards_and_kits/ug347.pdf},
    organization = {Xilinx},
    urldate = {2014-09-07}
}

@manual{xilinx_fft,
    title={LogiCORE IP Fast Fourier Transform v7.1},
    organization={Xilinx},
    url={http://www.xilinx.com/support/documentation/ip_documentation/xfft_ds260.pdf},
    urldate = {2014-08-24}
}

@manual{fsq_b17,
    title={Operating Manual, Option: Digital Baseband Interface, R\&S\textregistered FSQ-B17},
    organization={Rhode \& Schwarz},
    url={http://www.rohde-schwarz.com.mx/file_7364/FSQ-B17e.pdf},
    urldate = {2014-09-09}
}

@manual{ds90cr485,
    title={DS90CR485 133MHz 48-bit Channel Link Serializer (6.384 Gbps)},
    organization={Texas Instruments},
    url={http://www.ti.com/lit/ds/symlink/ds90cr485.pdf},
    urldate = {2014-09-09}
}

@manual{virtex5,
    title = {Virtex-5 FPGA User Guide},
    organization = {Xilinx},
    url = {http://www.xilinx.com/support/documentation/user_guides/ug190.pdf},
    urldate = {2014-09-09}
}

@manual{gtx,
    title = {Virtex-5 FPGA RocketIO GTX Transceiver User Guide},
    organization = {Xilinx},
    url = {http://www.xilinx.com/support/documentation/user_guides/ug198.pdf},
    urldate = {2014-09-09}
}

@manual{gtx_wizard,
    title = {LogiCORE IP Virtex-5 FPGA RocketIO GTX Transceiver Wizard v1.7},
    organization = {Xilinx},
    url = {http://www.xilinx.com/support/documentation/ip_documentation/v5_gtxwizard_ds601.pdf},
    urldate = {2014-09-09}
}

